<?xml version="1.0" encoding="UTF-8"?><collection xmlns="http://www.loc.gov/MARC21/slim"><record><leader>00487nam--2200169-i-4500</leader><controlfield tag="001">000042689</controlfield><controlfield tag="002">20161230</controlfield><controlfield tag="005">20161230201043</controlfield><controlfield tag="008">060222s1000------------r-----000-0-eng-d</controlfield><datafield ind1=" " ind2=" " tag="040"><subfield code="a">IFIN-HH</subfield></datafield><datafield ind1=" " ind2=" " tag="080"><subfield code="a">53</subfield></datafield><datafield ind1="1" ind2=" " tag="100"><subfield code="a">Zener, Clarence</subfield></datafield><datafield ind1="1" ind2="0" tag="245"><subfield code="a">Seven states of matter. a westinghouse search book</subfield><subfield code="c">Clarence zener (editorial advisor)</subfield></datafield><datafield ind1=" " ind2=" " tag="260"><subfield code="a">Milton Gottlieb</subfield><subfield code="b">Westinghouse Research Laboratories</subfield><subfield code="c">1966</subfield></datafield><datafield ind1=" " ind2=" " tag="300"><subfield code="a">247 P</subfield></datafield><datafield ind1=" " ind2=" " tag="852"><subfield code="a">27718</subfield><subfield code="c">53</subfield></datafield><datafield ind1=" " ind2=" " tag="CAT"><subfield code="a">Sys</subfield><subfield code="c">20150219</subfield><subfield code="h">115546</subfield></datafield></record></collection>